@Book{Nipkow,
   title = "Term Rewriting and All that",
   author = "F. Baader, T. Nipkow",
   publisher = "Cambridge University Press",
   year = 1998
}

@Book{Harrison,
   title = "Handbook of Practical Logic and Automated Reasoning",
   author = "J. Harrison",
   publisher = "Cambridge University Press",
   year = 2009
}

@Book{Bundy,
   title = "The Computer Modelling of Mathematical Reasoning",
   author = "A. Bundy",
   publisher = "Academic Press Professional",
   year = 1990
}

@TechReport{Fleuriot,
  author =       {J. Fleuriot},
  title =        {\href{http://www.inf.ed.ac.uk/teaching/courses/ar/}
                       {Automated Reasoning course}},
  institution =  {University of Edinburgh},
  year =         2016}

@TechReport{Alonso,
  author =       {J.A. Alonso},
  title =        {\href{http://www.cs.us.es/~jalonso/cursos/i1m-15/temas/2015-16-IM-temas-PF.pdf}
                       {Temas de programaci√≥n funcional}},
  institution =  {Univ. de Sevilla},
  year =         2015}

@Book{Hutton,
   title = "Programming in Haskell",
   author = "G. Hutton",
   publisher = "University of Nottingham",
   year = 2016
}
