@Book{Nipkow,
   title = "Term Rewriting and All that",
   author = "F. Baader, T. Nipkow",
   publisher = "Cambridge University Press",
   year = 1998
}

@Book{Harrison,
   title = "Handbook of Practical Logic and Automated Reasoning",
   author = "J. Harrison",
   publisher = "Cambridge University Press",
   year = 2009
}

@Book{Bundy,
   title = "The Computer Modelling of Mathematical Reasoning",
   author = "A. Bundy",
   publisher = "Academic Press Professional",
   year = 1990
}

@TechReport{Fleuriot,
  author =       {J. Fleuriot},
  title =        {\href{http://www.inf.ed.ac.uk/teaching/courses/ar/}
                       {Automated Reasoning course}},
  institution =  {University of Edinburgh},
  year =         2016}

@TechReport{Alonso,
  author =       {J.A. Alonso},
  title =        {\href{http://www.cs.us.es/~jalonso/cursos/i1m-15/temas/2015-16-IM-temas-PF.pdf}
                       {Temas de programación funcional}},
  institution =  {Univ. de Sevilla},
  year =         2015}

@Book{Hutton,
   title = "Programming in Haskell",
   author = "G. Hutton",
   publisher = "University of Nottingham",
   year = 2016
}

@TechReport{Lipovaca,
  author =       {M. Lipovača},
  title =        {\href{http://learnyouahaskell.com/chapters}
                       {Learn You a Haskell for Great Good!}}}

@TechReport{Berry,
  author =       {T. Martinsen, S. Gilmore, K. Berry},
  title =        {\href{http://texdoc.net/texmf-dist/doc/latex/latex2e-help-texinfo/latex2e.pdf}
                       {LATEX2e: An unofficial reference manual}},
  year = 2015
}

@TechReport{Latex,
  title =        {\href{https://en.wikibooks.org/wiki/LaTeX}
                       {\LaTeX\ Wiki}},
  year = 2015
}

@TechReport{OCaml,
  title =        {\href{https://ocaml.org/learn/tutorials/}
                       {OCaml Documentation}},
  year = 2015
}

@TechReport{Tikz,
  author =       {W. Mora, A. Borbón},
  title =        {\href{http://altair7.ddns.net/drupal/sites/default/files/InsertarFigurasGraficos_en_LaTeX.pdf}
                       {Insertar gráficos y figuras en documentos \LaTeX}},
  institution =  {Instituto Tecnológico de Costa Rica},
  year = 2009
}

@TechReport{Emacs,
  author =       {J. Ataz},
  title =        {\href{http://es.tldp.org/Tutoriales/doc-tutorial-emacs/intro_emacs.pdf}
                       {Una introducción rápida a GNU Emacs}}
}

@TechReport{Emacs2,
  author =       {Free Software Foundation},
  title =        {\href{https://www.gnu.org/software/emacs/tour/index.html}
                       {A Guided Tour of Emacs}}
}

@TechReport{Emacs3,
  author =       {J. Ataz},
  title =        {\href{ftp://ftp.dante.de/tex-archive/info/spanish/guia-atx/guia-atx.pdf}
                       {Creación de ficheros LATEX con GNU Emacs}}
}

@phdthesis{Ruiz,
  author =       {J. Ruiz},
  title =        {\href{https://www.cs.us.es/~jalonso/trabajos_dirigidos/2001-tesis-JLRR.pdf}
                       {Una teoría computacional acerca de la lógica ecuacional}},
  institution =  {Univ. de Sevilla}
}

@TechReport{Hengel,
  author =       {S. Hengel},
  title =        {\href{https://github.com/sol/doctest}
                       {Doctest Documentation}},
  institution =  {Univ. de Sevilla}
}

@TechReport{Magit,
  title =        {\href{https://magit.vc/manual/magit.html}
                       {Magit User Manual}}
}

@TechReport{GitHub,
  author =  {GitHub Inc},
  title =        {\href{https://help.github.com/categories/bootcamp/}
                       {GitHub Help}}
}

@TechReport{Wikipedia,
  author =       {Wikipedia},
  title =        {\href{https://en.wikipedia.org/wiki/Rewriting}
                       {Rewriting}},
  institution =  {Wikipedia, La Enciclopedia libre},
  year =         2016}
